@incollection{Manandhar:TowardsPracticalAnomalyBasedIDS,
	year={2014},
	isbn={978-3-319-10084-5},
	booktitle={Database and Expert Systems Applications},
	volume={8645},
	series={Lecture Notes in Computer Science},
	editor={Decker, Hendrik and Lhotsk{\'a}, Lenka and Link, Sebastian and Spies, Marcus and Wagner, Roland R.},
	doi={10.1007/978-3-319-10085-2_14},
	title={Towards Practical Anomaly-Based Intrusion Detection by Outlier Mining on TCP Packets},
	url={http://dx.doi.org/10.1007/978-3-319-10085-2_14},
	publisher={Springer International Publishing},
	keywords={IDS; outlier mining; k-means clustering; one-class SVM; TCP},
	author={Manandhar, Prajowal and Aung, Zeyar},
	pages={164-173},
	language={English}
}


@ARTICLE{SoodAndEnbody:TargetedCyberattacks, 
	author={Sood, A.K. and Enbody, R.J.}, 
	journal={Security Privacy, IEEE}, 
	title={Targeted Cyberattacks: A Superset of Advanced Persistent Threats}, 
	year={2013}, 
	month={Jan}, 
	volume={11}, 
	number={1}, 
	pages={54-61}, 
	keywords={Internet;invasive software;social networking (online);advanced persistent threats;computer virus;online economic model;online social model;targeted cyberattacks;worms;Computer crime;Economics;Electronic mail;Internet;Malware;Privacy;Routing protocols;Social network services;Targeting;advanced persistent threats;cyber warfare;cybercrime;targeted attacks}, 
	doi={10.1109/MSP.2012.90}, 
	ISSN={1540-7993}
}


@article{McHugh:IntrusionAndIntrusionDetection,
 author={McHugh, John},
 year={2001},
 issn={1615-5262},
 journal={International Journal of Information Security},
 volume={1},
 number={1},
 doi={10.1007/s102070100001},
 title={Intrusion and intrusion detection},
 url={http://dx.doi.org/10.1007/s102070100001},
 publisher={Springer-Verlag},
 keywords={Key words: Computer misuse – Intrusion detection – Intrusive anomalies – Intrusion signatures – Intrusion detection systems (IDS) – IDS evaluation},
 pages={14-35}
}

@article{Denning:IntrusionDetectionModel,
 author = {Denning, Dorothy E.},
 title = {An Intrusion-Detection Model},
 journal = {IEEE Trans. Softw. Eng.},
 issue_date = {February 1987},
 volume = {13},
 number = {2},
 month = feb,
 year = {1987},
 issn = {0098-5589},
 pages = {222--232},
 numpages = {11},
 url = {http://dx.doi.org/10.1109/TSE.1987.232894},
 doi = {10.1109/TSE.1987.232894},
 acmid = {22862},
 publisher = {IEEE Press},
 address = {Piscataway, NJ, USA},
 keywords = {Abnormal behavior, auditing, intrusions, monitoring, profiles, security, statistical measures, statistical measures, Abnormal behavior, auditing, intrusions, monitoring, profiles, security}
}

@article{Debar:TowardsATaxonomyOfIDS,
 editor = {Debar, Herv{\'e} and Dacier, Marc and Wespi, Andreas},
 title = {Towards a Taxonomy of Intrusion-detection Systems},
 journal = {Comput. Netw.},
 issue_date = {April 23, 1999},
 volume = {31},
 number = {9},
 month = apr,
 year = {1999},
 issn = {1389-1286},
 pages = {805--822},
 numpages = {18},
 url = {http://dl.acm.org/citation.cfm?id=324119.324126},
 acmid = {324126},
 publisher = {Elsevier North-Holland, Inc.},
 address = {New York, NY, USA},
 keywords = {intrusion-detection, security, taxonomy}
}

@ARTICLE{Teodoro:AnomalyBasedNetworkIDS,
 author = {Garcia-Teodoro, Pedro and Díaz-Verdejo, Jes{\'u}s E. and Maci{'a}-Fern{\'a}ndez, Gabriel and V{\'a}zquez, E.},
 title = {Anomaly-based network intrusion detection: Techniques, systems and challenges},
 journal = {Computers \& Security},
 pages = {18-28},
 year = {2009}
}

@article{Tierney:IDSWithSnort,
 author = {Tierney, Sean},
 title = {Review: Intrusion Detection with SNORT, Apache, MySQL, PHP and ACID},
 journal = {Linux J.},
 issue_date = {April 2004},
 volume = {2004},
 number = {120},
 month = apr,
 year = {2004},
 issn = {1075-3583},
 pages = {13--},
 url = {http://dl.acm.org/citation.cfm?id=980241.980254},
 acmid = {980254},
 publisher = {Belltown Media},
 address = {Houston, TX}
}


@article{Denning:IntrusionDetectionModel,
 author = {Denning, Dorothy E.},
 title = {An Intrusion-Detection Model},
 journal = {IEEE Trans. Softw. Eng.},
 issue_date = {February 1987},
 volume = {13},
 number = {2},
 month = feb,
 year = {1987},
 issn = {0098-5589},
 pages = {222--232},
 numpages = {11},
 url = {http://dx.doi.org/10.1109/TSE.1987.232894},
 doi = {10.1109/TSE.1987.232894},
 acmid = {22862},
 publisher = {IEEE Press},
 address = {Piscataway, NJ, USA},
 keywords = {Abnormal behavior, auditing, intrusions, monitoring, profiles, security, statistical measures, statistical measures, Abnormal behavior, auditing, intrusions, monitoring, profiles, security}
}
@Article{taxo,
author = {Debar, Herve and Dacier, Marc and Wespi, Andreas},
title = {Towards a taxonomy of intrusion-detection systems},
journal = {Computer Networks},
year = {1999}
}

@online{BSI,
title = {Einfuehrung von Intrusion Detection-Systemen, Grundlagen},
year = {2002},
url = {https://www.bsi.bund.de/SharedDocs/Downloads/DE/BSI/Publikationen/Studien/IDS/Grundlagenv10_pdf.pdf?__blob=publicationFile}
}

@Article{AnomalyBasedNID,
author = {Garcia-Teodoro, P. and Diaz-Verdejo, J. and Macia-Fernandez, G. and Vazquez, E.},
title = {Anomaly-based network intrusion detection: Techniques, systems and challenges},
journal = {computers and security},
year = {2009}
}

@TechReport{guide,
title = {Intrusion Detection Systems BUYER GUIDE},
institution = {ICSA Labs}
}

@article{ComparativeStudy,
  author = {Gharibian, Farnaz and Ghorbani, Ali A.},
  title = {Comparative Study of Supervised Machine Learning Techniques for Intrusion Detection},
  journal = {Fifth Annual Conference on Communication Networks and Services Research},
  year = {2007}
}
  
@Article{DARPAEvaluation,
   author = {Lippmann, Richard and Haines, Joshua W. and Fried, David J. and Korba, Jonathan and Das, Kumar},
   title = {Analysis and Results of the 1999 DARPA Off-Line Intrusion Detection Evaluation},
   journal = {Springer-Verlag Berlin Heidelberg},
   year = {2000}
}
   
 @article{DARPACritique,
    author    = {McHugh, John},
    title     = {Testing IntrusionDetection Systems: A Critique of the 1998 and 1999 DARPA Intrusion Detection SystemEvaluations As Performed by Lincoln Laboratory},
    journal   = {ACM Transactions Information System Security},
    volume   = {3},
    number   = {4},
    pages    = {262-294},
    year      = {2000},
    month    = {Nov} 
}
 @article{pca,
 author = {Sewell, Martin},
 title = {Principal Component Analysis},
 year = {2007},
 month = Apr.
 }
 
 @online{SvmSlides,
 author = {Moore, Andrew W.},
 title = {Support Vector Machines },
 year = {2001},
 url = {http://www.autonlab.org/tutorials/svm15.pdf},
 date = {23},
 month = {Nov}
 }
 
 @Book{Nello:Svm,
 author = {Cristianini, Nello and Shawe-Taylor, John},
 editor = {Cambridge University Press},
 title = {An Introduction to Support Vector Machines and Other Kernel-based Learning Methods},
 publisher = {The Press Syndicate at the University of Cambridge},
 year = {2000},
 series = {0070428077},
 month = {March}
 }
 

 @Book{Tom:MachineLearning,
 author = {Mitchell, Tom M.},
 editor = {Book News, Inc. },
 title = {Machine Learning},
 publisher = {McGraw-Hill Science / Engineering / Math},
 year = { 1997},
 series = {0070428077},
 month = {March}
 }
 
 @article{silhouette,
    author    = {Rousseeuw, Peter J.},
    title     = {Silhouettes: a graphical aid to the interpretation and validation of cluster analysis},
    journal   = {Journal of Computational and Applied Mathematics},
    volume   = {20},
    pages    = {53-65},
    year      = {1986}
 }
 
 @article{Mahbod:KDD,
    author    = {Tavallaee, Mahbod and Bagheri, Ebrahim and Lu, Wei and Ghorbani, Ali A.},
    title     = {A Detailed Analysis of the KDD CUP 99 Data Set},
    journal   = {IEEE Symposium on Computational Intelligence in Security and DEfence Applications},
    year      = {2009}
}

 @article{Larry:OCSVM,
    author    = {Manevitz, Larry M. and Yousef, Malik},
    title     = {One-Class SVMs for Document Classification},
    journal   = {Journal of Machine Learning Research},
    year      = {2001},
    volume    = {2},
    pages    = {139-154}
}
 
 
 @article{Katherine:OCSVM,
    author    = {A., Katherine  and M., Heller Krysta and D., Svore Angelos and Salvatore, Keromytis and Stolfo, J.},
    title     = {One Class Support Vector Machines for Detecting Anomalous Windows Registry Accesses},
     journal  = {ICDM Workshop on Data Mining for Computer Security, Melbourne, FL},
     year      = {2003}
}